@online{whatIsTheShell,
  author = {William E. Shotts, Jr.},
  title = {What is "The Shell"?},
  howpublished = "\url{http://linuxcommand.org/lc3_lts0010.php}",
  urldate = {2017-02-05}
}

@online{ubuntu:openterminal,
  author = {hydro},
  title = {How do I open a terminal? [duplicate]},
  howpublished = "\url{https://askubuntu.com/questions/183775/how-do-i-open-a-terminal}",
  urldate = {2012-09-12}
}

@online{command:structure,
  author = {University of Leicester},
  title = {UNIX Commands Structure},
  howpublished = "\url{https://www.le.ac.uk/oerresources/bdra/unix/page_17.htm}",
  urldate = {2012-09-12}
}

@online{bash:script,
  author = {Ryan Chadwick},
  title = {What is a Bash Script?},
  howpublished = "\url{https://ryanstutorials.net/bash-scripting-tutorial/bash-script.php}",
  urldate = {2012-02-06}
}

@online{linux:whatis,
  author = {Arjun Burgula},
  title = {What is difference between Ubuntu and Linux?},
  howpublished = "\url{https://www.quora.com/What-is-difference-between-Ubuntu-and-Linux}",
  urldate = {2014-10-09}
}

@online{linux:update:upgrade,
  author = {Timo Kluck},
  title = {What is the difference between apt-get update and upgrade?},
  howpublished = "\url{https://askubuntu.com/a/94104/703658}",
  urldate = {2012-01-09}
}

@online{linux:components:sabbagh,
  author = {M.HANNY SABBAGH},
  title = {What Are the Components of a Linux Distribution?},
  howpublished = "\url{https://fosspost.org/articles/what-are-the-components-of-a-linux-distribution}",
  urldate = {2018-02-06}
}

@online{linux:components:wiki,
  author = {Wikipedia},
  title = {Linux distribution},
  howpublished = "\url{https://en.wikipedia.org/wiki/Linux_distribution#Components}",
  urldate = {2018-02-04}
}






